<?xml version="1.0" encoding="UTF-8"?><collection xmlns="http://www.loc.gov/MARC21/slim"><record><leader>00533nam--2200181-i-4500</leader><controlfield tag="001">000007057</controlfield><controlfield tag="002">20161230</controlfield><controlfield tag="005">20161230201027</controlfield><controlfield tag="008">060222s1000------------r-----000-0-eng-d</controlfield><datafield ind1=" " ind2=" " tag="040"><subfield code="a">IFIN-HH</subfield></datafield><datafield ind1=" " ind2=" " tag="080"><subfield code="a">535.8</subfield></datafield><datafield ind1="1" ind2=" " tag="100"><subfield code="a">Cox, Arthur</subfield></datafield><datafield ind1="1" ind2="0" tag="245"><subfield code="a">A system of optical design</subfield><subfield code="b">The basics of image assessment and of design techniques with a survey of current lens types</subfield><subfield code="c">Arthur cox</subfield></datafield><datafield ind1=" " ind2=" " tag="260"><subfield code="a">London</subfield><subfield code="b">Focal Press</subfield><subfield code="c">1964</subfield></datafield><datafield ind1=" " ind2=" " tag="300"><subfield code="a">630P</subfield></datafield><datafield ind1=" " ind2=" " tag="490"><subfield code="a">The Focal Library</subfield></datafield><datafield ind1=" " ind2=" " tag="852"><subfield code="a">20873</subfield><subfield code="c">535</subfield></datafield><datafield ind1=" " ind2=" " tag="CAT"><subfield code="a">Sys</subfield><subfield code="c">20101022</subfield><subfield code="h">130315</subfield></datafield></record></collection>